@misc{Keyenergy,
  title   = "{After a decade of dithering, the US east coast went all in on offshore wind power this week}",
  year    =  2018,
  howpublished = {\url{https://en.keyenergy.it/key-energy/info/news/key-energy-news/after-a-decade-of-dithering-the-us-east-coast-went-all-in-on-offshore-wind-power-this-week.n8604504.html}}
}

@mastersthesis{Sofia,
  title   = "{Condition-Based Maintenance of Offshore Wind Farms: The Use of SCADA Data in Normal Behaviour Modelling}",
  author  = "Sofia, W",
  school  = "Imperial College London",
  year    =  2018,
}


@article{tautz2016using,
  title={Using SCADA data for wind turbine condition monitoring--a review},
  author={Tautz-Weinert, Jannis and Watson, Simon J},
  journal={IET Renewable Power Generation},
  volume={11},
  number={4},
  pages={382--394},
  year={2016},
  publisher={IET}
}

@article{qiu2012wind,
  title={Wind turbine SCADA alarm analysis for improving reliability},
  author={Qiu, Yingning and Feng, Yanhui and Tavner, Peter and Richardson, Paul and Erdos, Gabor and Chen, Bindi},
  journal={Wind Energy},
  volume={15},
  number={8},
  pages={951--966},
  year={2012},
  publisher={Wiley Online Library}
}

@inproceedings{gonzalez2016scada,
  title={SCADA alarms processing for wind turbine component failure detection},
  author={Gonzalez, Elena and Reder, Maik and Melero, Julio J},
  booktitle={J. Phys.: Conf. Ser.},
  number={ART-2016-96224},
  year={2016}
}

@article{chen2011wind,
  title={Wind turbine SCADA alarm pattern recognition},
  author={Chen, Bindi and Qiu, YN and Feng, Y and Tavner, PJ and Song, WW},
  year={2011},
  publisher={IET}
}

@article{kusiakmonitoring,
  title={Monitoring wind farms with performance curves},
  author={Kusiak, Andrew and Verma, Anoop},
  journal={IEEE Transactions on Sustainable Energy},
  volume={4},
  number={1},
  pages={192--199},
  year={2012},
  publisher={IEEE}
}

@article{helbing2018deep,
  title={Deep Learning for fault detection in wind turbines},
  author={Helbing, Georg and Ritter, Matthias},
  journal={Renewable and Sustainable Energy Reviews},
  volume={98},
  pages={189--198},
  year={2018},
  publisher={Elsevier}
}

@article{zaher2009online,
  title={Online wind turbine fault detection through automated SCADA data analysis},
  author={Zaher, ASAE and McArthur, SDJ and Infield, DG and Patel, Y},
  journal={Wind Energy: An International Journal for Progress and Applications in Wind Power Conversion Technology},
  volume={12},
  number={6},
  pages={574--593},
  year={2009},
  publisher={Wiley Online Library}
}

@article{schlechtingen2011comparative,
  title={Comparative analysis of neural network and regression based condition monitoring approaches for wind turbine fault detection},
  author={Schlechtingen, Meik and Santos, Ilmar Ferreira},
  journal={Mechanical systems and signal processing},
  volume={25},
  number={5},
  pages={1849--1875},
  year={2011},
  publisher={Elsevier}
}

@article{wang2016wind,
  title={Wind turbine blade breakage monitoring with deep autoencoders},
  author={Wang, Long and Zhang, Zijun and Xu, Jia and Liu, Ruihua},
  journal={IEEE Transactions on Smart Grid},
  volume={9},
  number={4},
  pages={2824--2833},
  year={2016},
  publisher={IEEE}
}

@article{kusiak2011prediction,
  title={The prediction and diagnosis of wind turbine faults},
  author={Kusiak, Andrew and Li, Wenyan},
  journal={Renewable energy},
  volume={36},
  number={1},
  pages={16--23},
  year={2011},
  publisher={Elsevier}
}

@inproceedings{cui2018anomaly,
  title={An anomaly detection approach based on machine learning and scada data for condition monitoring of wind turbines},
  author={Cui, Yue and Bangalore, Pramod and Tjernberg, Lina Bertling},
  booktitle={2018 IEEE International Conference on Probabilistic Methods Applied to Power Systems (PMAPS)},
  pages={1--6},
  year={2018},
  organization={IEEE}
}

@book{shalev2014understanding,
  title={Understanding machine learning: From theory to algorithms},
  author={Shalev-Shwartz, Shai and Ben-David, Shai},
  year={2014},
  publisher={Cambridge university press}
}

@article{haykin2004comprehensive,
  title={A comprehensive foundation},
  author={Haykin, Simon and Network, Neural},
  journal={Neural networks},
  volume={2},
  number={2004},
  pages={41},
  year={2004}
}

@article{godwin2013classification,
  title={Classification and detection of wind turbine pitch faults through SCADA data analysis},
  author={Godwin, Jamie L and Matthews, Peter},
  journal={IJPHM Special Issue on Wind Turbine PHM},
  pages={90},
  year={2013}
}

@misc{eriksson2020machine,
  title={Machine Learning for Predictive Maintenance on Wind Turbines: Using SCADA Data and the Apache Hadoop Ecosystem},
  author={Eriksson, John},
  year={2020}
}

@article{kusiak2011prediction,
  title={The prediction and diagnosis of wind turbine faults},
  author={Kusiak, Andrew and Li, Wenyan},
  journal={Renewable energy},
  volume={36},
  number={1},
  pages={16--23},
  year={2011},
  publisher={Elsevier}
}

@article{kingma2014adam,
  title={Adam: A method for stochastic optimization},
  author={Kingma, Diederik P and Ba, Jimmy},
  journal={arXiv preprint arXiv:1412.6980},
  year={2014}
}

@incollection{bottou2012stochastic,
  title={Stochastic gradient descent tricks},
  author={Bottou, L{\'e}on},
  booktitle={Neural networks: Tricks of the trade},
  pages={421--436},
  year={2012},
  publisher={Springer}
}

@phdthesis{kanwar2019deep,
  title={Deep Reinforcement Learning-based Portfolio Management},
  author={Kanwar, Nitin and others},
  year={2019}
}

@misc{pyTorch,
  title   = "{PyTorch-Community}",
  year    =  2020,
  howpublished = {\url{https://pytorch.org}}
}

@misc{numpy,
  title   = "{Numpy-Community}",
  year    =  2020,
  howpublished = {\url{https://www.numpy.org}}
}

@misc{tf,
  title   = "{Tensorflow-Community}",
  year    =  2020,
  howpublished = {\url{https://tensorflow.google.cn/community}}
}

@misc{matplotlib,
  title   = "{Matplotlib-tutorials}",
  year    =  2020,
  howpublished = {\url{https://matplotlib.org/tutorials/index.html}}
}

@misc{pandas,
  title   = "{Pandas-tutorials}",
  year    =  2020,
  howpublished = {\url{https://pandas.pydata.org/docs/}}
}

@misc{scikit,
  title   = "{Scikitlearn-guide}",
  year    =  2020,
  howpublished = {\url{https://scikit-learn.org/stable/user_guide.html}}
}
